2212 3866
201 171 272 256 236
475 161 778 240 rorrrro.
819 123 825 130 ’

194 343 368 399 neutrorum
389 335 658 404 crimonosorum
679 335 751 396 nitri
771 322 952 400 flammantis
966 327 1047 418 ⁸³⁸3,

194 423 257 481 salis
267 418 387 480 sedatiui
402 417 577 500 llombrrgii
593 418 708 499 “**)s
729 437 831 499 neque
844 422 944 482 minus
963 423 1048 483 solium

194 501 343 564 aridorum
352 500 532 570 volatilium,
546 501 638 561 vriuti
651 500 755 560 succini
763 541 772 570 ,
788 503 925 583 itemque
935 507 1049 566 vrinol's·

190 605 260 658 rum
269 581 495 662 deputatorum,
509 585 707 650 vrdsiirorum
722 584 919 648 aluminosum
929 587 963 624 ⁴*
973 594 983 618 “
992 595 1003 616 *
1012 591 1047 666 ἢ,

194 668 227 732 dt
241 667 376 726 mercurii
388 665 531 726 sublimotl
541 664 702 732 ‚cortesium
723 666 757 728 ἃ
771 667 861 746 iplius
877 669 952 730 adeo
967 671 1045 752 reguli

192 749 348 895 zutimouil
356 785 366 822 ,
387 747 548 810 dummodo
561 762 628 808 rum
641 749 695 809 sale
709 749 836 812 alcsiitto
850 769 920 814 anta
936 755 1046 834 liquatus

215 847 292 896 tertt.

234 933 267 1018 *)
288 931 389 1014 Quum
404 923 536 992 diflidens
551 927 729 1010 aliquantum
745 916 781 987 iit
798 924 940 989 olearum
965 925 1044 990 attic·

275 1035 395 1076 scotum
414 1015 549 1083 indoles,
575 1009 715 1092 fiquidem
737 1003 793 1071 alia
817 1012 886 1072 aliis
906 1013 1045 1072 subtiliora

273 1098 355 1167 sunt,
369 1096 423 1159 alia
435 1099 583 1180 grauiora3
605 1113 663 1154 non
677 1095 760 1154 aliter
774 1093 840 1154 ficri
856 1095 972 1172 potest,
988 1096 1046 1174 quin

272 1181 384 1241 ratione
395 1173 565 1241 eorumdem
575 1178 723 1238 solutionis
734 1174 909 1237 differentia
917 1179 1045 1258 quaedum

274 1277 420 1331 occurrat,
433 1261 484 1334 stc,
499 1277 531 1323 vt
544 1264 597 1322 alia
610 1258 792 1338 promtius&
802 1259 835 1320 in
852 1255 962 1322 maiori
974 1281 1045 1341 quara

271 1345 370 1414 ritate,
389 1345 442 1404 alia
455 1346 584 1428 aegrius,
605 1346 693 1422 inque
706 1340 819 1408 minori
833 1345 924 1421 copia
938 1345 970 1404 in
985 1363 1046 1408 com*

271 1429 391 1507 plexum
403 1440 488 1488 ruant
499 1443 565 1486 cum
578 1428 682 1503 spiriru
692 1425 765 1484 vini.
799 1423 901 1506 idque
912 1430 979 1488 vius
989 1447 1045 1508 quo·

195 1549 204 1585 ,3
272 1530 329 1590 que
349 1527 445 1589 retum
467 1509 524 1567 iam
544 1510 660 1568 edocuit
675 1507 864 1574 sufficienter.
910 1514 970 1572 Pet
983 1511 1045 1570 irunt

270 1592 350 1652 enim
369 1589 544 1659 didicimus,
570 1586 706 1659 facillime
723 1589 779 1650 sesa
801 1591 891 1652 vnire
911 1614 982 1654 cum
1000 1593 1043 1654 hot

263 1673 370 1752 ¹spiriru
386 1675 448 1735 olea
461 1693 477 1734 a
490 1672 593 1754 plantis
607 1673 769 1735 aromaticis
781 1673 899 1746 elicita,
913 1676 965 1736 ‘ita
976 1695 1043 1756 pror·

268 1757 336 1826 sus,
365 1775 396 1818 vt
414 1777 471 1817 vna
488 1771 550 1836 pars
570 1754 687 1832 spiritus
707 1755 859 1834 oequaiem
882 1760 1041 1836 portionem

267 1837 438 1908 eorumdem
463 1837 650 1918 promtiilrme
677 1834 828 1916 suscipiatt
866 1841 959 1902 aliter
984 1859 1040 1901 vero

268 1937 462 2002 comparatam
489 1917 543 1983 effe
568 1920 710 1981 rationem
739 1922 880 1982 oleorum
910 1923 1040 1986 corticum

168 2069 170 2075 ,
266 2007 332 2068 citri
345 2007 445 2078 italici,
468 2006 615 2084 copaiuae,
641 1999 762 2084 &ligni
779 1999 925 2077 lalisfrus,
952 2017 1041 2086 vtpote

249 2108 341 2170 'quae
361 2105 419 2150 tres
438 2108 532 2168 partes
549 2089 664 2166 spiritus
685 2085 867 2156 desiderant,
892 2099 1038 2171 antequam

265 2188 322 2232 vnn
344 2171 511 2233 eorumdem
531 2189 595 2248 pars
621 2170 698 2233 ineat
723 2167 929 2232 solutionem:
969 2177 1038 2236 aiirrr

264 2253 390 2333 denique
403 2254 429 2313 sc
444 2253 547 2314 babere
560 2248 809 2320 therebintbinae,
828 2252 918 2334 ligni
936 2257 1035 2322 rhodii,

265 2336 420 2399 &balsami
436 2335 588 2398 Peruuiani
602 2335 714 2404 oleum,
728 2351 857 2411 quorum
873 2337 940 2398 duo
954 2341 1037 2417 priora

262 2435 323 2480 non
339 2418 390 2480 nili
402 2438 528 2499 quatuor
539 2417 669 2496 partibus
680 2415 808 2496 spiritus,
831 2416 892 2480 boc
904 2421 1036 2498 polimius

261 2523 322 2564 nou
335 2499 387 2561 nist
400 2501 552 2570 duodecim
568 2499 629 2559 eius
645 2497 837 2596 obtemperat.

220 2616 282 2691 rs)
303 2613 496 2698 quantumuis
516 2613 583 2675 haec
602 2613 664 2674 olea
684 2612 776 2692 probe
797 2613 962 2678 aedificate
977 2618 1038 2684 lim,

259 2699 411 2759 difficulter
425 2717 518 2770 tamen
527 2699 558 2757 itt
568 2698 732 2774 amplexum
740 2695 857 2773 spiritus
865 2701 933 2758 vini
944 2716 1042 2769 ruunt,

260 2781 293 2843 dt
307 2781 342 2840 ad
356 2782 511 2842 minimum
524 2782 590 2841 odio
602 2796 694 2857 porres
707 2777 794 2840 buius
806 2779 939 2859 liquoris
950 2785 1042 2863 requi·

256 2880 363 2922 runtur
374 2903 383 2934 ,
393 2877 556 2944 ¹antequam
575 2883 631 2922 vna
643 2880 709 2939 pars
724 2861 900 2924 eorumdem
913 2866 1042 2945 suscepta

259 2945 460 3024 conspiciatur„
578 2975 579 2978 ¹
896 2995 903 3002 .

208 3035 310 3120 ·***)“
321 3043 396 3120 Non
409 3038 520 3118 polium
535 3075 544 3108 ,
564 3037 636 3118 quio
650 3035 967 3108 consurrectionem
985 3043 1041 3104 seo·

259 3122 379 3183 turriam
401 3121 592 3182 melimelum
614 3120 785 3182 fulminante
804 3124 867 3184 auri
881 3127 1040 3204 profitear,

255 3223 357 3280 vtpore
372 3225 444 3284 quae
459 3202 662 3265 videtur'rnilri
675 3221 711 3263 cx
726 3204 778 3264 hoc
791 3206 846 3268 sale
860 3227 952 3287 quarn
967 3211 1040 3270 i'acrl·

253 3289 324 3345 lime
338 3287 416 3364 pone
431 3288 576 3365 explicari,
618 3287 730 3347 Scilicet
745 3303 805 3348 non
820 3290 969 3352 credibile
985 3291 1039 3360 cli,

254 3370 447 3450 quaerendam
464 3369 517 3430 effe
532 3370 591 3430 vim
610 3367 690 3428 iliam
705 3365 911 3434 fulminantem
925 3374 963 3438 iu
979 3377 1037 3453 ipso

204 3535 207 3543 Ι
253 3469 343 3522 suro,
358 3452 406 3514 sed
415 3451 599 3532 repetendam
612 3451 708 3530 potius
721 3469 737 3514 a
749 3451 853 3516 salibus
859 3493 869 3528 ,
884 3459 968 3600 calciJ
975 3457 1036 3518 lolia

193 3549 217 3556 '⁴
250 3556 255 3570 ·
728 3557 731 3574 ⁴
926 3559 946 3600 a
972 3547 1028 3602 bas-
