2212 3866
58 246 63 258 '
151 248 245 336 ‘3'24
388 233 668 308 CALCINA
686 234 804 306 ΠΟ.

177 405 296 476 Perafia
312 399 522 471 detonarione,
551 401 603 462 sub
622 419 686 480 qur·
700 399 832 479 copiosus
853 397 957 462 firmus
978 413 1041 463 non
1080 411 1081 414 ’

179 489 292 557 modo,
316 483 362 550 sed
383 486 468 546 etiarn
485 483 571 546 ssores
588 483 750 548 arsenicales
767 481 969 552 adscendunt,
988 477 1042 564 qui

177 573 313 637 lareribus
328 565 397 628 vasta
414 567 540 646 vndique
560 567 586 626 se
605 565 770 644 adponunm
790 567 856 628 calx
870 565 997 626 haerens
1009 568 1042 626 in

176 644 285 728 fundo,
304 643 374 713 dum
386 641 642 722 udltucoandcseit,
662 647 804 720 cochleari
821 649 986 718 eximitur,
1010 644 1042 710 &

176 741 208 802 in
219 733 316 797 tellum
329 731 435 816 frigida
445 733 583 810 repletam
593 728 759 799 coniicitur,
770 751 837 791 cum
852 732 938 810 prius
950 730 1042 792 florea

176 803 298 884 studiose
307 817 393 880 ablati
402 805 471 885 sint,
482 816 529 874 vel
539 801 635 877 sulcem
645 828 760 872 cantum
770 801 821 883 lit,
832 833 867 872 vt
879 833 919 874 ne
931 813 1041 874 horum

177 901 329 994 quidpiam
350 896 509 960 decidendo
531 917 597 956 cnm
618 895 691 956 culce
709 897 930 973 permiscerent.
983 890 1041 961 Vbi

118 976 125 997 ¹
177 987 274 1048 ornnis
287 985 348 1045 calx
362 983 521 1060 inaquam,
535 975 602 1038 inde
617 977 829 1054 obstrepentem
844 977 878 1040 dt
889 977 1040 1038 lastescen·

178 1089 256 1139 rem,
272 1063 387 1128 demissa
399 1063 455 1135 est,
468 1061 537 1122 haec
550 1055 671 1120 subinde
683 1061 785 1120 bacillo
798 1057 949 1142 agitatur;
970 1074 1038 1138 aqua

180 1163 276 1214 autem
288 1147 349 1229 post
360 1147 469 1228 aliquot
477 1143 611 1204 horarum
624 1143 872 1222 intercapedinem
885 1143 1040 1204 cochlearis

180 1251 238 1314 ope
255 1231 371 1295 maioris
389 1231 420 1290 in
442 1229 550 1290 filtrum
572 1223 805 1298 transfunditur3
826 1227 916 1302 super
937 1227 1040 1286 calcent

181 1327 252 1380 veto
273 1333 348 1376 noua
369 1313 430 1371 eius
453 1312 551 1390 portio
581 1305 762 1380 affunditur,
797 1305 898 1370 donec
927 1309 1040 1368 nullum

180 1397 304 1478 amplius
321 1397 448 1472 saporem
464 1391 562 1452 salsum
578 1391 719 1459 exhibeat.
761 1391 846 1473 Quae
860 1385 1042 1470 relinquitur

179 1485 243 1545 calx
257 1475 393 1556 inlipido,
407 1475 442 1536 ad
454 1475 577 1534 calorem
594 1474 695 1534 leuiter
708 1471 880 1541 exsiccatur,
897 1473 1041 1553 tituloque

179 1563 334 1626 antimonii
347 1557 532 1637 diaphoretici
546 1555 720 1616 adseruntur.
761 1555 931 1618 Collestum
947 1567 1042 1618 autem

180 1647 317 1709 lixininm
334 1638 530 1720 cuaporationi
552 1639 693 1708 traditur,
714 1637 764 1707 ot,
784 1637 805 1697 fi
820 1639 935 1698 ineius
951 1639 1040 1717 soper-

181 1729 245 1792 ficie
259 1725 381 1788 cuticula
395 1719 534 1804 quaedam
549 1719 636 1780 salina
650 1722 777 1780 tenerior
789 1721 865 1780 visui
887 1721 948 1781 sese
965 1742 1040 1782 mon·

139 1823 142 1834 ‘
181 1809 272 1879 sliat,
301 1808 332 1868 in
355 1807 451 1868 locum
472 1801 609 1886 frigidum
629 1803 810 1882 deportatur.
857 1801 905 1864 Ita
928 1803 1039 1866 cristalli

181 1891 390 1962 rurtcrrscunt,
415 1907 489 1969 quae
510 1887 547 1947 sal
569 1883 699 1947 medium
723 1885 1042 1966 superdccomposttuur

181 1977 380 2045 constituunt,
401 1971 521 2035 nomine
539 1971 623 2032 Nini
635 1973 802 2030 antimoniaei
820 1987 946 2036 notum.
990 1966 1041 2036 val

182 2063 319 2123 lixiuium
342 2076 402 2118 non
421 2052 635 2132 euaporauetir,
653 2050 700 2111 scd
714 2047 766 2128 ipsi
780 2049 978 2114 instillauetis
991 2073 1041 2114 ace·

181 2161 263 2212 turn,
285 2159 354 2200 tunc
368 2137 495 2198 tenerior
509 2135 647 2215 quaedam
659 2133 719 2194 calx
731 2131 856 2206 decidit,
872 2136 1042 2197 antimonio

116 2219 118 2222 ¹
183 2223 383 2302 diapltoretico
398 2220 529 2302 gemina,
549 2217 605 2276 nist
619 2213 695 2296 quod
709 2212 865 2276 subtilitate
880 2216 939 2294 ipsi
955 2217 1041 2280 adhuc

183 2307 220 2368 fit
243 2305 376 2382 'superior
402 2319 488 2380 arque
508 2299 653 2380 particulis
678 2298 800 2378 liquoris
824 2299 1039 2378 praecipitantis
1079 2309 1080 2318 ³

181 2405 341 2470 parumper
362 2384 446 2444 fimul
467 2383 672 2464 impraegnata.
719 2383 802 2444 Hanc
822 2381 933 2443 calcem
953 2384 1039 2468 igitur

182 2489 273 2552 porro
291 2477 407 2545 oportet
425 2465 591 2527 edulcorare
608 2482 695 2546 atque
712 2459 858 2540 exsiccare.
900 2467 1039 2548 Tumque

145 2603 147 2608 .
182 2553 237 2635 ipsi
252 2555 390 2618 Materiae
400 2551 516 2633 perlatae
529 2565 638 2609 nomen
652 2543 703 2608 est.

225 2706 253 2782 p.
261 2720 332 2783 710.
345 2697 392 2762 Esl
401 2697 594 2766 artimonium
605 2692 832 2778 diaphoreticum
839 2691 1044 2758 edalconrum

182 2786 259 2851 nihil
271 2783 365 2854 aliud,
381 2801 467 2864 quam
477 2803 541 2862 patr
552 2782 704 2846 artimonii
716 2779 849 2861 regulina
860 2799 915 2858 per
929 2780 1041 2846 nitrum

184 2871 217 2930 in
232 2869 336 2928 calcem
352 2865 486 2926 conuersa
500 2907 509 2937 ,
528 2864 575 2926 eni
588 2863 672 2926 fimus
684 2861 794 2945 aliquid
810 2859 849 2924 de
861 2860 919 2924 sale
931 2861 1045 2924 nitroso

182 2951 325 3014 innexum
345 2943 409 3018 cst,
446 2945 524 3027 quod
542 2947 674 3010 elutriari
693 2946 724 3008 se
746 2943 862 3041 pertitus
879 2963 944 3006 non
966 2943 1044 3014 sinit.

183 3032 248 3094 Effe
267 3038 361 3094 autem
381 3030 576 3096 artimoninm
596 3027 822 3107 diaphoretrcum
842 3045 905 3086 non
921 3025 980 3088 nist
995 3030 1045 3088 eal·

184 3135 248 3176 cem
262 3111 427 3174 substantiae
438 3112 603 3194 regulinae,
614 3129 651 3171 ex
662 3131 697 3170 eo
710 3107 855 3174 clariffime
868 3125 969 3188 pater,
982 3129 1044 3171 turn

184 3195 265 3276 quod
284 3214 320 3255 ex
335 3193 444 3255 duabus
462 3193 590 3273 partibus
609 3189 705 3276 reguli
716 3192 872 3254 antimonii
886 3189 1045 3270 fimplicis,

184 3282 219 3344 δι
247 3279 339 3340 tribus
369 3275 440 3338 nitri
468 3277 594 3354 parribus
622 3273 785 3337 detonando
810 3273 843 3334 in
871 3275 1046 3346 crucibulo.

185 3360 428 3442 postmodumque
440 3359 544 3421 calcem
558 3379 630 3441 aqua
643 3356 785 3428 eluendo,
797 3355 1043 3438 elegantissimum

184 3443 287 3504 itidem
303 3441 496 3503 ontimonium
510 3439 738 3520 diaphoreticum
757 3440 940 3520 emergit‘);
961 3458 1041 3510 tum,

185 3523 267 3608 quod
279 3523 359 3590 idern
370 3523 445 3590 illud
457 3525 515 3589 siue
528 3523 621 3622 priori
632 3522 737 3600 modo,
751 3519 807 3588 sue
817 3519 873 3586 hoc
885 3521 1043 3601 pollerlori

961 3621 1040 3688 reta·
